
@misc{glottolog,
  address      = {Jena},
  author       = {Harald Hammarström and Robert Forkel and Martin Haspelmath and Sebastian Bank},
  howpublished = {Max Planck Institute for the Science of Human History},
  title        = {Glottolog 4.2.1},
  url          = {https://glottolog.org/ accessed 2020-05-25},
  year         = {2020}
}

@inproceedings{megerdoomian2008low,
  title={Low-Density Language Bootstrapping: the Case of Tajiki Persian.},
  author={Megerdoomian, Karine and Parvaz, Dan},
  booktitle={LREC},
  year={2008}
}
@article{probst2001design,
  title={Design and implementation of controlled elicitation for machine translation of low-density languages},
  author={Probst, Katharina and Brown, Ralf D and Carbonell, Jaime G and Lavie, Alon and Levin, Lori and Peterson, Erik},
  publisher={Carnegie Mellon University},
  year={2010}
}
@inproceedings{hogan1999ocr,
  title={OCR for minority languages},
  author={Hogan, Christopher},
  booktitle={Symposium on Document Image Understanding Technology},
  year={1999}
}
@article{kocmi2020exploring,
  title={Exploring Benefits of Transfer Learning in Neural Machine Translation},
  author={Kocmi, Tom},
  journal={arXiv preprint arXiv:2001.01622},
  year={2020}
}
@inproceedings{ruder2019transfer,
  title={Transfer learning in natural language processing},
  author={Ruder, Sebastian and Peters, Matthew E and Swayamdipta, Swabha and Wolf, Thomas},
  booktitle={Proceedings of the 2019 Conference of the North American Chapter of the Association for Computational Linguistics: Tutorials},
  pages={15--18},
  year={2019}
}
@incollection{torrey2010transfer,
  title={Transfer learning},
  author={Torrey, Lisa and Shavlik, Jude},
  booktitle={Handbook of research on machine learning applications and trends: algorithms, methods, and techniques},
  pages={242--264},
  year={2010},
  publisher={IGI global}
}
@article{rawat2017deep,
  title={Deep Convolutional Neural Networks for Image Classification: A Comprehensive Review},
  author={Rawat, Waseem and Wang, Zenghui},
  journal={Neural Computation},
  volume={29},
  number={9},
  pages={2352--2449},
  year={2017},
  publisher={MITP}
}
@inproceedings{cieri2016selection,
  title={Selection criteria for low resource language programs},
  author={Cieri, Christopher and Maxwell, Mike and Strassel, Stephanie and Tracey, Jennifer},
  booktitle={Proceedings of the Tenth International Conference on Language Resources and Evaluation (LREC'16)},
  pages={4543--4549},
  year={2016}
}
@article{singhnmt,
  title={NMT in Low Resource Scenario: A Case Study in Indian Languages},
  author={Singh, Karanveer and Bhattacharyya, Pushpak},
  year={2019}
}
@article{singhimproving,
  title={Improving neural machine translation for low-resource Indian languages using rule-based feature extraction},
  author={Singh, Muskaan and Kumar, Ravinder and Chana, Inderveer},
  publisher={Springer},
  year={2020}
}
@article{kunchukuttan2014sata,
  title={Sata-anuvadak: Tackling multiway translation of indian languages},
  author={Kunchukuttan, Anoop and Mishra, Abhijit and Chatterjee, Rajen and Shah, Ritesh and Bhattacharyya, Pushpak},
  journal={pan},
  volume={841},
  number={54,570},
  pages={4--135},
  year={2014},
  publisher={Citeseer}
}
@inproceedings{choudhary2020neural,
  title={Neural Machine Translation for Low-Resourced Indian Languages},
  author={Choudhary, Himanshu and Rao, Shivansh and Rohilla, Rajesh},
  booktitle={Proceedings of The 12th Language Resources and Evaluation Conference},
  pages={3610--3615},
  year={2020}
}
@article{sen_hasanuzzaman_ekbal_bhattacharyya_way_2020,
 title={Neural machine translation of low-resource languages using SMT phrase pair injection}, 
DOI={10.1017/S1351324920000303}, journal={Natural Language Engineering}, 
publisher={Cambridge University Press}, 
author={Sen, Sukanta and Hasanuzzaman, Mohammed and Ekbal, Asif and Bhattacharyya, Pushpak and Way, Andy},
 year={2020}, 
pages={1–22}
}
@article{philip2019baseline,
  title={A baseline neural machine translation system for indian languages},
  author={Philip, Jerin and Namboodiri, Vinay P and Jawahar, CV},
  journal={arXiv preprint arXiv:1907.12437},
  year={2019}
}
@inproceedings{revanuru2017neural,
  title={Neural machine translation of indian languages},
  author={Revanuru, Karthik and Turlapaty, Kaushik and Rao, Shrisha},
  booktitle={Proceedings of the 10th Annual ACM India Compute Conference},
  pages={11--20},
  year={2017}
}
@inproceedings{ngo2019overcoming,
  title={Overcoming the Rare Word Problem for low-resource language pairs in Neural Machine Translation},
  author={Ngo, Thi-Vinh and Ha, Thanh-Le and Nguyen, Phuong-Thai and Le Nguyen, Minh},
  booktitle={Proceedings of the 6th Workshop on Asian Translation},
  pages={207--214},
  year={2019}
}
@inproceedings{ahmadnia2020impact,
  title={Impact of a New Word Embedding Cost Function on Farsi-Spanish Low-Resource Neural Machine Translation},
  author={Ahmadnia, Benyamin and Dorr, Bonnie J},
  booktitle={The Thirty-Third International Flairs Conference},
  year={2020}
}
@article{nguyen2019transformers,
  title={Transformers without tears: Improving the normalization of self-attention},
  author={Nguyen, Toan Q and Salazar, Julian},
  journal={arXiv preprint arXiv:1910.05895},
  year={2019}
}
@inproceedings{nguyen2018improving,
  title={Improving Lexical Choice in Neural Machine Translation},
  author={Nguyen, Toan Q and Chiang, David},
  booktitle={Proceedings of the 2018 Conference of the North American Chapter of the Association for Computational Linguistics: Human Language Technologies, Volume 1 (Long Papers)},
  pages={334--343},
  year={2018}
}
@inproceedings{fadaee2017data,
  title={Data Augmentation for Low-Resource Neural Machine Translation},
  author={Fadaee, Marzieh and Bisazza, Arianna and Monz, Christof},
  booktitle={Proceedings of the 55th Annual Meeting of the Association for Computational Linguistics (Volume 2: Short Papers)},
  pages={567--573},
  year={2017}
}
@inproceedings{xia2019generalized,
  title={Generalized Data Augmentation for Low-Resource Translation},
  author={Xia, Mengzhou and Kong, Xiang and Anastasopoulos, Antonios and Neubig, Graham},
  booktitle={Proceedings of the 57th Annual Meeting of the Association for Computational Linguistics},
  pages={5786--5796},
  year={2019}
}
@article{torregrosa2019leveraging,
  title={Leveraging rule-based machine translation knowledge for under-resourced neural machine translation models},
  author={Torregrosa, Daniel and Pasricha, Nivranshu and Chakravarth, Bharathi Raja and Masoud, Maraim and Alonso, Juan and Casas, Noe and Arcan, Mihael},
  journal={Machine Translation summit 2019},
  year={2019},
  publisher={NUI Galway}
}
@article{lakew2020low,
  title={Low Resource Neural Machine Translation: A Benchmark for Five African Languages},
  author={Lakew, Surafel M and Negri, Matteo and Turchi, Marco},
  journal={arXiv preprint arXiv:2003.14402},
  year={2020}
}
@inproceedings{zhou2019handling,
  title={Handling Syntactic Divergence in Low-resource Machine Translation},
  author={Zhou, Chunting and Ma, Xuezhe and Hu, Junjie and Neubig, Graham},
  booktitle={Proceedings of the 2019 Conference on Empirical Methods in Natural Language Processing and the 9th International Joint Conference on Natural Language Processing (EMNLP-IJCNLP)},
  pages={1388--1394},
  year={2019}
}
@inproceedings{currey2017copied,
  title={Copied monolingual data improves low-resource neural machine translation},
  author={Currey, Anna and Miceli-Barone, Antonio Valerio and Heafield, Kenneth},
  booktitle={Proceedings of the Second Conference on Machine Translation},
  pages={148--156},
  year={2017}
}
@inproceedings{song2020pre,
  title={Pre-training via Leveraging Assisting Languages for Neural Machine Translation},
  author={Song, Haiyue and Dabre, Raj and Mao, Zhuoyuan and Cheng, Fei and Kurohashi, Sadao and Sumita, Eiichiro},
  booktitle={Proceedings of the 58th Annual Meeting of the Association for Computational Linguistics: Student Research Workshop},
  pages={279--285},
  year={2020}
}
@inproceedings{ramachandran2017unsupervised,
  title={Unsupervised Pretraining for Sequence to Sequence Learning},
  author={Ramachandran, Prajit and Liu, Peter J and Le, Quoc},
  booktitle={Proceedings of the 2017 Conference on Empirical Methods in Natural Language Processing},
  pages={383--391},
  year={2017}
}
@inproceedings{qi2018and,
  title={When and Why Are Pre-Trained Word Embeddings Useful for Neural Machine Translation?},
  author={Qi, Ye and Sachan, Devendra and Felix, Matthieu and Padmanabhan, Sarguna and Neubig, Graham},
  booktitle={Proceedings of the 2018 Conference of the North American Chapter of the Association for Computational Linguistics: Human Language Technologies, Volume 2 (Short Papers)},
  pages={529--535},
  year={2018}
}
@inproceedings{mikolov2013distributed,
  title={Distributed representations of words and phrases and their compositionality},
  author={Mikolov, Tomas and Sutskever, Ilya and Chen, Kai and Corrado, Greg S and Dean, Jeff},
  booktitle={Advances in neural information processing systems},
  pages={3111--3119},
  year={2013}
}
@inproceedings{pennington2014glove,
  title={Glove: Global vectors for word representation},
  author={Pennington, Jeffrey and Socher, Richard and Manning, Christopher D},
  booktitle={Proceedings of the 2014 conference on empirical methods in natural language processing (EMNLP)},
  pages={1532--1543},
  year={2014}
}
@article{koehn2017neural,
  title={Neural machine translation},
  author={Koehn, Philipp},
  journal={arXiv preprint arXiv:1709.07809},
  year={2017}
}
@inproceedings{gu2018universal,
  title={Universal Neural Machine Translation for Extremely Low Resource Languages},
  author={Gu, Jiatao and Hassan, Hany and Devlin, Jacob and Li, Victor OK},
  booktitle={Proceedings of the 2018 Conference of the North American Chapter of the Association for Computational Linguistics: Human Language Technologies, Volume 1 (Long Papers)},
  pages={344--354},
  year={2018}
}
@inproceedings{neubig2018rapid,
  title={Rapid Adaptation of Neural Machine Translation to New Languages},
  author={Neubig, Graham and Hu, Junjie},
  booktitle={Proceedings of the 2018 Conference on Empirical Methods in Natural Language Processing},
  pages={875--880},
  year={2018}
}
@article{kocmi2018trivial,
  title={Trivial Transfer Learning for Low-Resource Neural Machine Translation},
  author={Kocmi, Tom and Bojar, Ondrej},
  journal={WMT 2018},
  pages={244},
  year={2018}
}
@inproceedings{zoph2016transfer,
  title={Transfer Learning for Low-Resource Neural Machine Translation},
  author={Zoph, Barret and Yuret, Deniz and May, Jonathan and Knight, Kevin},
  booktitle={Proceedings of the 2016 Conference on Empirical Methods in Natural Language Processing},
  pages={1568--1575},
  year={2016}
}
@article{ostling2017neural,
  title={Neural machine translation for low-resource languages},
  author={{\"O}stling, Robert and Tiedemann, J{\"o}rg},
  journal={arXiv preprint arXiv:1708.05729},
  year={2017}
}
@inproceedings{nguyen2017transfer,
  title={Transfer Learning across Low-Resource, Related Languages for Neural Machine Translation},
  author={Nguyen, Toan Q and Chiang, David},
  booktitle={Proceedings of the Eighth International Joint Conference on Natural Language Processing (Volume 2: Short Papers)},
  pages={296--301},
  year={2017}
}
@inproceedings{lin2019choosing,
  title={Choosing Transfer Languages for Cross-Lingual Learning},
  author={Lin, Yu-Hsiang and Chen, Chian-Yu and Lee, Jean and Li, Zirui and Zhang, Yuyan and Xia, Mengzhou and Rijhwani, Shruti and He, Junxian and Zhang, Zhisong and Ma, Xuezhe and others},
  booktitle={Proceedings of the 57th Annual Meeting of the Association for Computational Linguistics},
  pages={3125--3135},
  year={2019}
}
@article{luo2019hierarchical,
  title={Hierarchical Transfer Learning Architecture for Low-Resource Neural Machine Translation},
  author={Luo, Gongxu and Yang, Yating and Yuan, Yang and Chen, Zhanheng and Ainiwaer, Aizimaiti},
  journal={IEEE Access},
  volume={7},
  pages={154157--154166},
  year={2019},
  publisher={IEEE}
}
@inproceedings{finn2017model,
  title={Model-agnostic meta-learning for fast adaptation of deep networks},
  author={Finn, Chelsea and Abbeel, Pieter and Levine, Sergey},
  booktitle={Proceedings of the 34th International Conference on Machine Learning-Volume 70},
  pages={1126--1135},
  year={2017}
} 
@inproceedings{gu2018meta,
  title={Meta-Learning for Low-Resource Neural Machine Translation},
  author={Gu, Jiatao and Wang, Yong and Chen, Yun and Li, Victor OK and Cho, Kyunghyun},
  booktitle={Proceedings of the 2018 Conference on Empirical Methods in Natural Language Processing},
  pages={3622--3631},
  year={2018}
}
@inproceedings{mi2019meta,
  title={Meta-learning for low-resource natural language generation in task-oriented dialogue systems},
  author={Mi, Fei and Huang, Minlie and Zhang, Jiyong and Faltings, Boi},
  booktitle={Proceedings of the 28th International Joint Conference on Artificial Intelligence},
  pages={3151--3157},
  year={2019},
  organization={AAAI Press}
}
@article{nooralahzadeh2020zero,
  title={Zero-shot cross-lingual transfer with meta learning},
  author={Nooralahzadeh, Farhad and Bekoulis, Giannis and Bjerva, Johannes and Augenstein, Isabelle},
  journal={arXiv preprint arXiv:2003.02739},
  year={2020}
}

@inproceedings{qian2019domain,
  title={Domain Adaptive Dialog Generation via Meta Learning},
  author={Qian, Kun and Yu, Zhou},
  booktitle={Proceedings of the 57th Annual Meeting of the Association for Computational Linguistics},
  pages={2639--2649},
  year={2019}
}
@inproceedings{dou2019investigating,
  title={Investigating Meta-Learning Algorithms for Low-Resource Natural Language Understanding Tasks},
  author={Dou, Zi-Yi and Yu, Keyi and Anastasopoulos, Antonios},
  booktitle={Proceedings of the 2019 Conference on Empirical Methods in Natural Language Processing and the 9th International Joint Conference on Natural Language Processing (EMNLP-IJCNLP)},
  pages={1192--1197},
  year={2019}
}

@article{wang2020balancing,
  title={Balancing training for multilingual neural machine translation},
  author={Wang, Xinyi and Tsvetkov, Yulia and Neubig, Graham},
  journal={arXiv preprint arXiv:2004.06748},
  year={2020}
}
@article{li2019metamt,
  title={MetaMT, a MetaLearning Method Leveraging Multiple Domain Data for Low Resource Machine Translation},
  author={Li, Rumeng and Wang, Xun and Yu, Hong},
  journal={arXiv preprint arXiv:1912.05467},
  year={2019}
}
@inproceedings{bird2012machine,
  title={Machine translation for language preservation},
  author={Bird, Steven and Chiang, David},
  booktitle={Proceedings of COLING 2012: Posters},
  pages={125--134},
  year={2012}
}
@article{passban2017translating,
  title={Translating low-resource languages by vocabulary adaptation from close counterparts},
  author={Passban, Peyman and Liu, Qun and Way, Andy},
  journal={ACM Transactions on Asian and Low-Resource Language Information Processing (TALLIP)},
  volume={16},
  number={4},
  pages={1--14},
  year={2017},
  publisher={ACM New York, NY, USA}
}
@inproceedings{maimaiti2018discussion,
  title={Discussion on bilingual cognition in international exchange activities},
  author={Maimaiti, Mieradilijiang and Zou, Xiaohui},
  booktitle={International Conference on Intelligence Science},
  pages={167--177},
  year={2018},
  organization={Springer}
 }
@article{maimaiti2019multi,
  title={Multi-Round Transfer Learning for Low-Resource NMT Using Multiple High-Resource Languages},
  author={Maimaiti, Mieradilijiang and Liu, Yang and Luan, Huanbo and Sun, Maosong},
  journal={ACM Transactions on Asian and Low-Resource Language Information Processing (TALLIP)},
  volume={18},
  number={4},
  pages={1--26},
  year={2019},
  publisher={ACM New York, NY, USA}
}
@inproceedings{kim2019pivot,
  title={Pivot-based Transfer Learning for Neural Machine Translation between Non-English Languages},
  author={Kim, Yunsu and Petrov, Petre and Petrushkov, Pavel and Khadivi, Shahram and Ney, Hermann},
  booktitle={Proceedings of the 2019 Conference on Empirical Methods in Natural Language Processing and the 9th International Joint Conference on Natural Language Processing (EMNLP-IJCNLP)},
  pages={865--875},
  year={2019}
}
@article{luo2020joint,
  title={A Joint Back-Translation and Transfer Learning Method for Low-Resource Neural Machine Translation},
  author={Luo, Gong-Xu and Yang, Ya-Ting and Dong, Rui and Chen, Yan-Hong and Zhang, Wen-Bo},
  journal={Mathematical Problems in Engineering},
  volume={2020},
  year={2020},
  publisher={Hindawi}
}

@inproceedings{dong2015multi,
  title={Multi-task learning for multiple language translation},
  author={Dong, Daxiang and Wu, Hua and He, Wei and Yu, Dianhai and Wang, Haifeng},
  booktitle={Proceedings of the 53rd Annual Meeting of the Association for Computational Linguistics and the 7th International Joint Conference on Natural Language Processing (Volume 1: Long Papers)},
  pages={1723--1732},
  year={2015}
}
@article{kiperwasser2018scheduled,
  title={Scheduled Multi-Task Learning: From Syntax to Translation},
  author={Kiperwasser, Eliyahu and Ballesteros, Miguel},
  journal={Transactions of the Association for Computational Linguistics},
  volume={6},
  pages={225--240},
  year={2018}
}
@inproceedings{zaremoodi2019adaptively,
  title={Adaptively Scheduled Multitask Learning: The Case of Low-Resource Neural Machine Translation},
  author={Zaremoodi, Poorya and Haffari, Gholamreza},
  booktitle={Proceedings of the 3rd Workshop on Neural Generation and Translation},
  pages={177--186},
  year={2019}
}
@inproceedings{zoph2016multi,
  title={Multi-Source Neural Translation},
  author={Zoph, Barret and Knight, Kevin},
  booktitle={Proceedings of the 2016 Conference of the North American Chapter of the Association for Computational Linguistics: Human Language Technologies},
  pages={30--34},
  year={2016}
}
@article{pan2020multi,
  title={Multi-Source Neural Model for Machine Translation of Agglutinative Language},
  author={Pan, Yirong and Li, Xiao and Yang, Yating and Dong, Rui},
  journal={Future Internet},
  volume={12},
  number={6},
  pages={96},
  year={2020},
  publisher={Multidisciplinary Digital Publishing Institute}
}
@article{mi2020loanword,
  title={Loanword Identification in Low-Resource Languages with Minimal Supervision},
  author={Mi, Chenggang and Xie, Lei and Zhang, Yanning},
  journal={ACM Transactions on Asian and Low-Resource Language Information Processing (TALLIP)},
  volume={19},
  number={3},
  pages={1--22},
  year={2020},
  publisher={ACM New York, NY, USA}
}
@inproceedings{lakew2018transfer,
  title={Transfer Learning in Multilingual Neural Machine Translation with Dynamic Vocabulary},
  author={Lakew, SM and Erofeeva, A and Negri, M and Federico, M and Turchi, M},
  booktitle={15th International Workshop on Spoken Language Translation},
  pages={54--62},
  year={2018}
}
@article{lakew2018improving,
  title={Improving zero-shot translation of low-resource languages},
  author={Lakew, Surafel M and Lotito, Quintino F and Negri, Matteo and Turchi, Marco and Federico, Marcello},
  journal={arXiv preprint arXiv:1811.01389},
  year={2018}
}
@inproceedings{al2019consistency,
  title={Consistency by Agreement in Zero-Shot Neural Machine Translation},
  author={Al-Shedivat, Maruan and Parikh, Ankur},
  booktitle={Proceedings of the 2019 Conference of the North American Chapter of the Association for Computational Linguistics: Human Language Technologies, Volume 1 (Long and Short Papers)},
  pages={1184--1197},
  year={2019}
}

@article{arivazhagan2019missing,
  title={The missing ingredient in zero-shot neural machine translation},
  author={Arivazhagan, Naveen and Bapna, Ankur and Firat, Orhan and Aharoni, Roee and Johnson, Melvin and Macherey, Wolfgang},
  journal={arXiv preprint arXiv:1903.07091},
  year={2019}
}
@article{arivazhagan2019massively,
  title={Massively multilingual neural machine translation in the wild: Findings and challenges},
  author={Arivazhagan, Naveen and Bapna, Ankur and Firat, Orhan and Lepikhin, Dmitry and Johnson, Melvin and Krikun, Maxim and Chen, Mia Xu and Cao, Yuan and Foster, George and Cherry, Colin and others},
  journal={arXiv preprint arXiv:1907.05019},
  year={2019}
}

@article{artetxe2019massively,
  title={Massively multilingual sentence embeddings for zero-shot cross-lingual transfer and beyond},
  author={Artetxe, Mikel and Schwenk, Holger},
  journal={Transactions of the Association for Computational Linguistics},
  volume={7},
  pages={597--610},
  year={2019},
  publisher={MIT Press}
}

@inproceedings{firat2016multi,
  title={Multi-Way, Multilingual Neural Machine Translation with a Shared Attention Mechanism},
  author={Firat, Orhan and Cho, Kyunghyun and Bengio, Yoshua},
  booktitle={Proceedings of NAACL-HLT},
  pages={866--875},
  year={2016}
}
@inproceedings{firat2016zero,
  title={Zero-Resource Translation with Multi-Lingual Neural Machine Translation},
  author={Firat, Orhan and Sankaran, Baskaran and Al-Onaizan, Yaser and Vural, Fatos T Yarman and Cho, Kyunghyun},
  booktitle={Proceedings of the 2016 Conference on Empirical Methods in Natural Language Processing},
  pages={268--277},
  year={2016}
}
@article{firat2017multi,
  title={Multi-way, multilingual neural machine translation},
  author={Firat, Orhan and Cho, Kyunghyun and Sankaran, Baskaran and Vural, Fatos T Yarman and Bengio, Yoshua},
  journal={Computer Speech \& Language},
  volume={45},
  pages={236--252},
  year={2017},
  publisher={Elsevier}
}
@article{lee2017fully,
  title={Fully character-level neural machine translation without explicit segmentation},
  author={Lee, Jason and Cho, Kyunghyun and Hofmann, Thomas},
  journal={Transactions of the Association for Computational Linguistics},
  volume={5},
  pages={365--378},
  year={2017},
  publisher={MIT Press}
}
@inproceedings{rikters2018training,
  title={Training and Adapting Multilingual NMT for Less-resourced and Morphologically Rich Languages},
  author={Rikters, Mat{\=\i}ss and Pinnis, M{\=a}rcis and Kri{\v{s}}lauks, Rihards},
  booktitle={Proceedings of the Eleventh International Conference on Language Resources and Evaluation (LREC 2018)},
  year={2018}
}
@inproceedings{aharoni2019massively,
  title={Massively Multilingual Neural Machine Translation},
  author={Aharoni, Roee and Johnson, Melvin and Firat, Orhan},
  booktitle={Proceedings of the 2019 Conference of the North American Chapter of the Association for Computational Linguistics: Human Language Technologies, Volume 1 (Long and Short Papers)},
  pages={3874--3884},
  year={2019}
}
@inproceedings{imankulova2017improving,
  title={Improving low-resource neural machine translation with filtered pseudo-parallel corpus},
  author={Imankulova, Aizhan and Sato, Takayuki and Komachi, Mamoru},
  booktitle={Proceedings of the 4th Workshop on Asian Translation (WAT2017)},
  pages={70--78},
  year={2017}
}
@inproceedings{imankulova2019exploiting,
  title={Exploiting Out-of-Domain Parallel Data through Multilingual Transfer Learning for Low-Resource Neural Machine Translation},
  author={Imankulova, Aizhan and Dabre, Raj and Fujita, Atsushi and Imamura, Kenji},
  booktitle={Proceedings of Machine Translation Summit XVII Volume 1: Research Track},
  pages={128--139},
  year={2019}
}
@article{imankulova2019filtered,
  title={Filtered Pseudo-parallel Corpus Improves Low-resource Neural Machine Translation},
  author={Imankulova, Aizhan and Sato, Takayuki and Komachi, Mamoru},
  journal={ACM Transactions on Asian and Low-Resource Language Information Processing (TALLIP)},
  volume={19},
  number={2},
  pages={1--16},
  year={2019},
  publisher={ACM New York, NY, USA}
}
@inproceedings{hokamp2019evaluating,
  title={Evaluating the Supervised and Zero-shot Performance of Multi-lingual Translation Models},
  author={Hokamp, Chris and Glover, John and Ghalandari, Demian Gholipour},
  booktitle={Proceedings of the Fourth Conference on Machine Translation (Volume 2: Shared Task Papers, Day 1)},
  pages={209--217},
  year={2019}
}
@inproceedings{arcan2019inferring,
  title={Inferring translation candidates for multilingual dictionary generation with multi-way neural machine translation},
  author={Arcan, Mihael and Torregrosa, Daniel and Ahmadi, Sina and McCrae, John P},
  booktitle={Proceedings of the Translation Inference Across Dictionaries Workshop (TIAD 2019)},
  year={2019},
  organization={National University of Ireland, Galway}
}
@article{vazquez2018multilingual,
  title={Multilingual NMT with a language-independent attention bridge},
  author={V{\'a}zquez, Ra{\'u}l and Raganato, Alessandro and Tiedemann, J{\"o}rg and Creutz, Mathias},
  journal={arXiv preprint arXiv:1811.00498},
  year={2018}
}
@article{artetxe2017unsupervised,
  title={Unsupervised neural machine translation},
  author={Artetxe, Mikel and Labaka, Gorka and Agirre, Eneko and Cho, Kyunghyun},
  journal={arXiv preprint arXiv:1710.11041},
  year={2017}
}
@inproceedings{artetxe2018unsupervised,
  title={Unsupervised neural machine translation},
  author={Artetxe, Mikel and Labaka, Gorka and Agirre, Eneko and Cho, Kyunghyun},
  booktitle={6th International Conference on Learning Representations, ICLR 2018},
  year={2018}
}
@inproceedings{leng2019unsupervised,
  title={Unsupervised Pivot Translation for Distant Languages},
  author={Leng, Yichong and Tan, Xu and Qin, Tao and Li, Xiang-Yang and Liu, Tie-Yan},
  booktitle={Proceedings of the 57th Annual Meeting of the Association for Computational Linguistics},
  pages={175--183},
  year={2019}
}
@inproceedings{artetxe2018generalizing,
  title={Generalizing and improving bilingual word embedding mappings with a multi-step framework of linear transformations},
  author={Artetxe, Mikel and Labaka, Gorka and Agirre, Eneko},
  booktitle={Thirty-Second AAAI Conference on Artificial Intelligence},
  year={2018}
}
@inproceedings{lample2018phrase,
  title={Phrase-Based \& Neural Unsupervised Machine Translation},
  author={Lample, Guillaume and Ott, Myle and Conneau, Alexis and Denoyer, Ludovic and Ranzato, Marc’Aurelio},
  booktitle={Proceedings of the 2018 Conference on Empirical Methods in Natural Language Processing},
  pages={5039--5049},
  year={2018}
}
@article{lample2017unsupervised,
  title={Unsupervised machine translation using monolingual corpora only},
  author={Lample, Guillaume and Conneau, Alexis and Denoyer, Ludovic and Ranzato, Marc'Aurelio},
  journal={arXiv preprint arXiv:1711.00043},
  year={2017}
}
@inproceedings{lu2018neural,
  title={A neural interlingua for multilingual machine translation},
  author={Lu, Yichao and Keung, Phillip and Ladhak, Faisal and Bhardwaj, Vikas and Zhang, Shaonan and Sun, Jason},
  booktitle={Proceedings of the Third Conference on Machine Translation: Research Papers},
  pages={84--92},
  year={2018}
}
@inproceedings{niu-etal-2018-bi,
    title = "Bi-Directional Neural Machine Translation with Synthetic Parallel Data",
    author = "Niu, Xing  and
      Denkowski, Michael  and
      Carpuat, Marine",
    booktitle = "Proceedings of the 2nd Workshop on Neural Machine Translation and Generation",
    month = jul,
    year = "2018",
    address = "Melbourne, Australia",
}
@article{johnson-etal-2017-googles,
    title = "{G}oogle{'}s Multilingual Neural Machine Translation System: Enabling Zero-Shot Translation",
    author = "Johnson, Melvin  and
      Schuster, Mike  and
      Le, Quoc V.  and
      Krikun, Maxim  and
      Wu, Yonghui  and
      Chen, Zhifeng  and
      Thorat, Nikhil  and
      Vi{\'e}gas, Fernanda  and
      Wattenberg, Martin  and
      Corrado, Greg  and
      Hughes, Macduff  and
      Dean, Jeffrey",
    journal = "Transactions of the Association for Computational Linguistics",
    volume = "5",
    year = "2017",
    url = "https://www.aclweb.org/anthology/Q17-1024",
    doi = "10.1162/tacl_a_00065",
    pages = "339--351",
}

@article{ha2toward,
  title={Toward Multilingual Neural Machine Translation with Universal Encoder and Decoder},
  author={Ha, Thanh-Le and Niehues, Jan and Waibel, Alexander},
  journal={Institute for Anthropomatics and Robotics},
  volume={2},
  number={10.12},
  pages={16},
  year={2016}
}
@article{ha2017effective,
  title={Effective strategies in zero-shot neural machine translation},
  author={Ha, Thanh-Le and Niehues, Jan and Waibel, Alexander},
  journal={arXiv preprint arXiv:1711.07893},
  year={2017}
}
@inproceedings{gu2019improved,
  title={Improved Zero-shot Neural Machine Translation via Ignoring Spurious Correlations},
  author={Gu, Jiatao and Wang, Yong and Cho, Kyunghyun and Li, Victor OK},
  booktitle={Proceedings of the 57th Annual Meeting of the Association for Computational Linguistics},
  pages={1258--1268},
  year={2019}
}
@inproceedings{chakravarthi2019multilingual,
  title={Multilingual multimodal machine translation for Dravidian languages utilizing phonetic transcription},
  author={Chakravarthi, Bharathi Raja and Priyadharshini, Ruba and Stearns, Bernardo and Jayapal, Arun and Sridevy, S and Arcan, Mihael and Zarrouk, Manel and McCrae, John P},
  booktitle={Proceedings of the 2nd Workshop on Technologies for MT of Low Resource Languages},
  year={2019},
  organization={European Association for Machine Translation}
}
@inproceedings{chaudhary2019low,
  title={Low-Resource Corpus Filtering Using Multilingual Sentence Embeddings},
  author={Chaudhary, Vishrav and Tang, Yuqing and Guzm{\'a}n, Francisco and Schwenk, Holger and Koehn, Philipp},
  booktitle={Proceedings of the Fourth Conference on Machine Translation (Volume 3: Shared Task Papers, Day 2)},
  pages={261--266},
  year={2019}
}
@inproceedings{wang2019target,
  title={Target Conditioned Sampling: Optimizing Data Selection for Multilingual Neural Machine Translation},
  author={Wang, Xinyi and Neubig, Graham},
  booktitle={Proceedings of the 57th Annual Meeting of the Association for Computational Linguistics},
  pages={5823--5828},
  year={2019}
}
@inproceedings{kudugunta2019investigating,
  title={Investigating Multilingual NMT Representations at Scale},
  author={Kudugunta, Sneha and Bapna, Ankur and Caswell, Isaac and Firat, Orhan},
  booktitle={Proceedings of the 2019 Conference on Empirical Methods in Natural Language Processing and the 9th International Joint Conference on Natural Language Processing (EMNLP-IJCNLP)},
  pages={1565--1575},
  year={2019}
}
@inproceedings{bapna2019simple,
  title={Simple, Scalable Adaptation for Neural Machine Translation},
  author={Bapna, Ankur and Firat, Orhan},
  booktitle={Proceedings of the 2019 Conference on Empirical Methods in Natural Language Processing and the 9th International Joint Conference on Natural Language Processing (EMNLP-IJCNLP)},
  pages={1538--1548},
  year={2019}
}
@inproceedings{imankulova2019japanese,
  title={Japanese-Russian TMU Neural Machine Translation System using Multilingual Model for WAT 2019},
  author={Imankulova, Aizhan and Kaneko, Masahiro and Komachi, Mamoru},
  booktitle={Proceedings of the 6th Workshop on Asian Translation},
  pages={165--170},
  year={2019}
}
@inproceedings{dabre2019exploiting,
  title={Exploiting Multilingualism through Multistage Fine-Tuning for Low-Resource Neural Machine Translation},
  author={Dabre, Raj and Fujita, Atsushi and Chu, Chenhui},
  booktitle={Proceedings of the 2019 Conference on Empirical Methods in Natural Language Processing and the 9th International Joint Conference on Natural Language Processing (EMNLP-IJCNLP)},
  pages={1410--1416},
  year={2019}
}
@inproceedings{kim2019effective,
  title={Effective Cross-lingual Transfer of Neural Machine Translation Models without Shared Vocabularies},
  author={Kim, Yunsu and Gao, Yingbo and Ney, Hermann},
  booktitle={Proceedings of the 57th Annual Meeting of the Association for Computational Linguistics},
  pages={1246--1257},
  year={2019}
}
@inproceedings{ramesh2018neural,
  title={Neural Machine Translation for Low Resource Languages using Bilingual Lexicon Induced from Comparable Corpora},
  author={Ramesh, Sree Harsha and Sankaranarayanan, Krishna Prasad},
  booktitle={Proceedings of the 2018 Conference of the North American Chapter of the Association for Computational Linguistics: Student Research Workshop},
  pages={112--119},
  year={2018}
}
@article{van2020optimal,
  title={On optimal transformer depth for low-resource language translation},
  author={Van Biljon, Elan and Pretorius, Arnu and Kreutzer, Julia},
  journal={arXiv preprint arXiv:2004.04418},
  year={2020}
}
@inproceedings{dabre2017empirical,
  title={An empirical study of language relatedness for transfer learning in neural machine translation},
  author={Dabre, Raj and Nakagawa, Tetsuji and Kazawa, Hideto},
  booktitle={Proceedings of the 31st Pacific Asia Conference on Language, Information and Computation},
  pages={282--286},
  year={2017}
}
@inproceedings{wang2019multilingual,
  title={Multilingual neural machine translation with soft decoupled encoding},
  author={Wang, Xinyi and Pham, Hieu and Arthur, Philip and Neubig, Graham},
  booktitle={International Conference on Learning Representations 2019},
  year={2019},
  organization={OpenReview}
}
@article{wang2019semi,
  title={Semi-Supervised Neural Machine Translation via Marginal Distribution Estimation},
  author={Wang, Yijun and Xia, Yingce and Zhao, Li and Bian, Jiang and Qin, Tao and Chen, Enhong and Liu, Tie-Yan},
  journal={IEEE/ACM Transactions on Audio, Speech, and Language Processing},
  volume={27},
  number={10},
  pages={1564--1576},
  year={2019},
  publisher={IEEE}
}
@inproceedings{skorokhodov2018semi,
  title={Semi-supervised neural machine translation with language models},
  author={Skorokhodov, Ivan and Rykachevskiy, Anton and Emelyanenko, Dmitry and Slotin, Sergey and Ponkratov, Anton},
  booktitle={Proceedings of the AMTA 2018 Workshop on Technologies for MT of Low Resource Languages (LoResMT 2018)},
  pages={37--44},
  year={2018}
}
@article{siddhant2020leveraging,
  title={Leveraging Monolingual Data with Self-Supervision for Multilingual Neural Machine Translation},
  author={Siddhant, Aditya and Bapna, Ankur and Cao, Yuan and Firat, Orhan and Chen, Mia and Kudugunta, Sneha and Arivazhagan, Naveen and Wu, Yonghui},
  journal={arXiv preprint arXiv:2005.04816},
  year={2020}
}
@inproceedings{siddhant2020evaluating,
  title={Evaluating the Cross-Lingual Effectiveness of Massively Multilingual Neural Machine Translation.},
  author={Siddhant, Aditya and Johnson, Melvin and Tsai, Henry and Ari, Naveen and Riesa, Jason and Bapna, Ankur and Firat, Orhan and Raman, Karthik},
  booktitle={AAAI},
  pages={8854--8861},
  year={2020}
}
@inproceedings{adams2017cross,
  title={Cross-lingual word embeddings for low-resource language modeling},
  author={Adams, Oliver and Makarucha, Adam and Neubig, Graham and Bird, Steven and Cohn, Trevor},
  booktitle={Proceedings of the 15th Conference of the European Chapter of the Association for Computational Linguistics: Volume 1, Long Papers},
  pages={937--947},
  year={2017}
}
@inproceedings{madaan2020multilingual,
  title={Multilingual Neural Machine Translation involving Indian Languages},
  author={Madaan, Pulkit and Sadat, Fatiha},
  booktitle={Proceedings of the WILDRE5--5th Workshop on Indian Language Data: Resources and Evaluation},
  pages={29--32},
  year={2020}
}
@inproceedings{mueller2020analysis,
  title={An Analysis of Massively Multilingual Neural Machine Translation for Low-Resource Languages},
  author={Mueller, Aaron and Nicolai, Garrett and McCarthy, Arya D and Lewis, Dylan and Wu, Winston and Yarowsky, David},
  booktitle={Proceedings of The 12th Language Resources and Evaluation Conference},
  pages={3710--3718},
  year={2020}
}
@inproceedings{zhang2017adversarial,
  title={Adversarial training for unsupervised bilingual lexicon induction},
  author={Zhang, Meng and Liu, Yang and Luan, Huanbo and Sun, Maosong},
  booktitle={Proceedings of the 55th Annual Meeting of the Association for Computational Linguistics (Volume 1: Long Papers)},
  pages={1959--1970},
  year={2017}
}
@article{xu2020spanish,
  title={Spanish-Turkish Low-Resource Machine Translation: Unsupervised Learning vs Round-Tripping},
  author={Xu, Tianyi and Ozbek, Ozge Ilkim and Marks, Shannon and Korrapati, Sri and Ahmadnia, Benyamin},
  journal={American Journal of Artificial Intelligence},
  volume={4},
  number={2},
  pages={42--49},
  year={2020}
}
% @article{escolanobilingual,
%   title={From bilingual to multilingual neural-based machine translation by incremental training},
%   author={Escolano, Carlos and Costa-Juss{\`a}, Marta R and Fonollosa, Jos{\'e} AR},
%   journal={Journal of the Association for Information Science and Technology},
%   publisher={Wiley Online Library}
% }
@article{escolano2020bilingual,
  title={From bilingual to multilingual neural-based machine translation by incremental training},
  author={Escolano, Carlos and Costa-Juss{\`a}, Marta R and Fonollosa, Jos{\'e} AR},
  journal={Journal of the Association for Information Science and Technology},
  year={2020},
  publisher={Wiley Online Library}
}
@inproceedings{zhang2018joint,
  title={Joint training for neural machine translation models with monolingual data},
  author={Zhang, Zhirui and Liu, Shujie and Li, Mu and Zhou, Ming and Chen, Enhong},
  booktitle={Thirty-Second AAAI Conference on Artificial Intelligence},
  year={2018}
}
@inproceedings{he2016dual,
  title={Dual learning for machine translation},
  author={He, Di and Xia, Yingce and Qin, Tao and Wang, Liwei and Yu, Nenghai and Liu, Tie-Yan and Ma, Wei-Ying},
  booktitle={Proceedings of the 30th International Conference on Neural Information Processing Systems},
  pages={820--828},
  year={2016}
}
@article{zhang2020improving,
  title={Improving Massively Multilingual Neural Machine Translation and Zero-Shot Translation},
  author={Zhang, Biao and Williams, Philip and Titov, Ivan and Sennrich, Rico},
  journal={arXiv preprint arXiv:2004.11867},
  year={2020}
}
@article{conneau2017word,
  title={Word translation without parallel data},
  author={Conneau, Alexis and Lample, Guillaume and Ranzato, Marc'Aurelio and Denoyer, Ludovic and J{\'e}gou, Herv{\'e}},
  journal={arXiv preprint arXiv:1710.04087},
  year={2017}
}
@inproceedings{sennrich2016improving,
  title={Improving Neural Machine Translation Models with Monolingual Data},
  author={Sennrich, Rico and Haddow, Barry and Birch, Alexandra},
  booktitle={Proceedings of the 54th Annual Meeting of the Association for Computational Linguistics (Volume 1: Long Papers)},
  pages={86--96},
  year={2016}
}
@inproceedings{sennrich2016linguistic,
  title={Linguistic Input Features Improve Neural Machine Translation},
  author={Sennrich, Rico and Haddow, Barry},
  booktitle={Proceedings of the First Conference on Machine Translation: Volume 1, Research Papers},
  pages={83--91},
  year={2016}
}
@inproceedings{sennrich2016neural,
  title={Neural Machine Translation of Rare Words with Subword Units},
  author={Sennrich, Rico and Haddow, Barry and Birch, Alexandra},
  booktitle={Proceedings of the 54th Annual Meeting of the Association for Computational Linguistics (Volume 1: Long Papers)},
  pages={1715--1725},
  year={2016}
}
@incollection{wu2016adapting,
  title={Adapting attention-based neural network to low-resource Mongolian-Chinese machine translation},
  author={Wu, Jing and Hou, Hongxu and Shen, Zhipeng and Du, Jian and Li, Jinting},
  booktitle={Natural Language Understanding and Intelligent Applications},
  pages={470--480},
  year={2016},
  publisher={Springer}
}
@inproceedings{sennrich2019revisiting,
  title={Revisiting Low-Resource Neural Machine Translation: A Case Study},
  author={Sennrich, Rico and Zhang, Biao},
  booktitle={Proceedings of the 57th Annual Meeting of the Association for Computational Linguistics},
  pages={211--221},
  year={2019}
}
@inproceedings{almansor2018hybrid,
  title={A hybrid neural machine translation technique for translating low resource languages},
  author={Almansor, Ebtesam H and Al-Ani, Ahmed},
  booktitle={International Conference on Machine Learning and Data Mining in Pattern Recognition},
  pages={347--356},
  year={2018},
  organization={Springer}
}
@article{cheng2016neural,
  title={Neural machine translation with pivot languages},
  author={Cheng, Yong and Liu, Yang and Yang, Qian and Sun, Maosong and Xu, Wei},
  journal={arXiv preprint arXiv:1611.04928},
  year={2016}
}
@inproceedings{cheng2016semi,
  title={Semi-Supervised Learning for Neural Machine Translation},
  author={Cheng, Yong and Xu, Wei and He, Zhongjun and He, Wei and Wu, Hua and Sun, Maosong and Liu, Yang},
  booktitle={Proceedings of the 54th Annual Meeting of the Association for Computational Linguistics (Volume 1: Long Papers)},
  pages={1965--1974},
  year={2016}
}
@inproceedings{skorokhodov2018semi,
  title={Semi-supervised neural machine translation with language models},
  author={Skorokhodov, Ivan and Rykachevskiy, Anton and Emelyanenko, Dmitry and Slotin, Sergey and Ponkratov, Anton},
  booktitle={Proceedings of the AMTA 2018 Workshop on Technologies for MT of Low Resource Languages (LoResMT 2018)},
  pages={37--44},
  year={2018}
}
@inproceedings{cheng2017joint,
  title={Joint training for pivot-based neural machine translation},
  author={Cheng, Yong and Yang, Qian and Liu, Yang and Sun, Maosong and Xu, Wei},
  booktitle={Proceedings of the 26th International Joint Conference on Artificial Intelligence},
  pages={3974--3980},
  year={2017}
}
@inproceedings{chen2017teacher,
  title={A Teacher-Student Framework for Zero-Resource Neural Machine Translation},
  author={Chen, Yun and Liu, Yang and Cheng, Yong and Li, Victor OK},
  booktitle={Proceedings of the 55th Annual Meeting of the Association for Computational Linguistics (Volume 1: Long Papers)},
  pages={1925--1935},
  year={2017}
}
@article{nakayama2017zero,
  title={Zero-resource machine translation by multimodal encoder--decoder network with multimedia pivot},
  author={Nakayama, Hideki and Nishida, Noriki},
  journal={Machine Translation},
  volume={31},
  number={1-2},
  pages={49--64},
  year={2017},
  publisher={Springer}
}
% MULTI-MODAL REFERENCES

@article{parida2019hindi,
  title={Hindi Visual Genome: A Dataset for Multi-Modal English to Hindi Machine Translation},
  author={Parida, Shantipriya and Bojar, Ond{\v{r}}ej and Dash, Satya Ranjan},
  journal={Computaci{\'o}n y Sistemas},
  volume={23},
  number={4},
  year={2019}
}
@article{caglayan2016multimodal,
  title={Multimodal attention for neural machine translation},
  author={Caglayan, Ozan and Barrault, Lo{\"\i}c and Bougares, Fethi},
  journal={arXiv preprint arXiv:1609.03976},
  year={2016}
}
@inproceedings{chowdhury2018multimodal,
  title={Multimodal neural machine translation for low-resource language pairs using synthetic data},
  author={Chowdhury, Koel Dutta and Hasanuzzaman, Mohammed and Liu, Qun},
  booktitle={Proceedings of the Workshop on Deep Learning Approaches for Low-Resource NLP},
  pages={33--42},
  year={2018}
}
@article{heo2019multimodal,
  title={Multimodal neural machine translation with weakly labeled images},
  author={Heo, Yoonseok and Kang, Sangwoo and Yoo, Donghyun},
  journal={IEEE Access},
  volume={7},
  pages={54042--54053},
  year={2019},
  publisher={IEEE}
}
@inproceedings{huang2016attention,
  title={Attention-based multimodal neural machine translation},
  author={Huang, Po-Yao and Liu, Frederick and Shiang, Sz-Rung and Oh, Jean and Dyer, Chris},
  booktitle={Proceedings of the First Conference on Machine Translation: Volume 2, Shared Task Papers},
  pages={639--645},
  year={2016}
}
@article{huang2020unsupervised,
  title={Unsupervised Multimodal Neural Machine Translation with Pseudo Visual Pivoting},
  author={Huang, Po-Yao and Hu, Junjie and Chang, Xiaojun and Hauptmann, Alexander},
  journal={arXiv preprint arXiv:2005.03119},
  year={2020}
}
@inproceedings{specia2016shared,
  title={A shared task on multimodal machine translation and crosslingual image description},
  author={Specia, Lucia and Frank, Stella and Sima’an, Khalil and Elliott, Desmond},
  booktitle={Proceedings of the First Conference on Machine Translation: Volume 2, Shared Task Papers},
  pages={543--553},
  year={2016}
}
@inproceedings{elliott2017findings,
  title={Findings of the Second Shared Task on Multimodal Machine Translation and Multilingual Image Description},
  author={Elliott, Desmond and Frank, Stella and Barrault, Lo{\"\i}c and Bougares, Fethi and Specia, Lucia},
  booktitle={Proceedings of the Second Conference on Machine Translation},
  pages={215--233},
  year={2017}
}
@inproceedings{lala2018sheffield,
  title={Sheffield submissions for WMT18 multimodal translation shared task},
  author={Lala, Chiraag and Madhyastha, Pranava Swaroop and Scarton, Carolina and Specia, Lucia},
  booktitle={Proceedings of the Third Conference on Machine Translation: Shared Task Papers},
  pages={624--631},
  year={2018}
}
@inproceedings{barrault2018findings,
  title={Findings of the Third Shared Task on Multimodal Machine Translation},
  author={Barrault, Lo{\"\i}c and Bougares, Fethi and Specia, Lucia and Lala, Chiraag and Elliott, Desmond and Frank, Stella},
  booktitle={Proceedings of the Third Conference on Machine Translation: Shared Task Papers},
  pages={304--323},
  year={2018}
}
@inproceedings{parida2019idiap,
  title={Idiap NMT System for WAT 2019 Multimodal Translation Task},
  author={Parida, Shantipriya and Bojar, Ond{\v{r}}ej and Motlicek, Petr},
  booktitle={Proceedings of the 6th Workshop on Asian Translation},
  pages={175--180},
  year={2019}
}
@inproceedings{zhou2018visual,
  title={A Visual Attention Grounding Neural Model for Multimodal Machine Translation},
  author={Zhou, Mingyang and Cheng, Runxiang and Lee, Yong Jae and Yu, Zhou},
  booktitle={Proceedings of the 2018 Conference on Empirical Methods in Natural Language Processing},
  pages={3643--3653},
  year={2018}
}
@inproceedings{calixto2017doubly,
  title={Doubly-Attentive Decoder for Multi-modal Neural Machine Translation},
  author={Calixto, Iacer and Liu, Qun and Campbell, Nick},
  booktitle={Proceedings of the 55th Annual Meeting of the Association for Computational Linguistics (Volume 1: Long Papers)},
  pages={1913--1924},
  year={2017}
}


@article{karakanta2018neural,
  title={Neural machine translation for low-resource languages without parallel corpora},
  author={Karakanta, Alina and Dehdari, Jon and van Genabith, Josef},
  journal={Machine Translation},
  volume={32},
  number={1-2},
  pages={167--189},
  year={2018},
  publisher={Springer}
}
@inproceedings{zheng2017maximum,
  title={Maximum Expected Likelihood Estimation for Zero-resource Neural Machine Translation.},
  author={Zheng, Hao and Cheng, Yong and Liu, Yang},
  booktitle={Proceedings of the Twenty-Sixth International Joint Conference on Artificial Intelligence (IJCAI-17)},
  year={2017}
}
@inproceedings{chen2018zero,
  title={Zero-resource neural machine translation with multi-agent communication game},
  author={Chen, Yun and Liu, Yang and Li, Victor OK},
  booktitle={Thirty-Second AAAI Conference on Artificial Intelligence},
  year={2018}
}
@article{lakew2017multilingual,
  title={Multilingual Neural Machine Translation for Low Resource Languages},
  author={Lakew, Surafel M and Di Gangi, Mattia A and Federico, Marcello},
  journal={CLiC-it 2017 11-12 December 2017, Rome},
  pages={189},
  year={2017}
}
@inproceedings{mattoni2017zero,
  title={Zero-shot translation for indian languages with sparse data},
  author={Mattoni, Giulia and Nagle, Pat and Collantes, Carlos and Shterionov, Dimitar},
  booktitle={Proceedings of the MT Summit},
  year={2017}
}
@article{sestorain2018zero,
  title={Zero-shot dual machine translation},
  author={Sestorain, Lierni and Ciaramita, Massimiliano and Buck, Christian and Hofmann, Thomas},
  journal={arXiv preprint arXiv:1805.10338},
  year={2018}
}
@inproceedings{pham2019improving,
  title={Improving Zero-shot Translation with Language-Independent Constraints},
  author={Pham, Ngoc-Quan and Niehues, Jan and Ha, Thanh-Le and Waibel, Alex},
  booktitle={Proceedings of the Fourth Conference on Machine Translation (Volume 1: Research Papers)},
  pages={13--23},
  year={2019}
}
@inproceedings{sutskever2014sequence,
  title={Sequence to sequence learning with neural networks},
  author={Sutskever, Ilya and Vinyals, Oriol and Le, Quoc V},
  booktitle={Advances in neural information processing systems},
  pages={3104--3112},
  year={2014}
}
@inproceedings{DBLP:journals/corr/BahdanauCB14,
  author    = {Dzmitry Bahdanau and
               Kyunghyun Cho and
               Yoshua Bengio},
  editor    = {Yoshua Bengio and
               Yann LeCun},
  title     = {Neural Machine Translation by Jointly Learning to Align and Translate},
  booktitle = {3rd International Conference on Learning Representations, {ICLR} 2015,
               San Diego, CA, USA, May 7-9, 2015, Conference Track Proceedings},
  year      = {2015},
  url       = {http://arxiv.org/abs/1409.0473},
  timestamp = {Wed, 17 Jul 2019 10:40:54 +0200},
  biburl    = {https://dblp.org/rec/journals/corr/BahdanauCB14.bib},
  bibsource = {dblp computer science bibliography, https://dblp.org}
}
@inproceedings{bojar2016findings,
  title={Findings of the 2016 conference on machine translation},
  author={Bojar, Ond{\v{r}}ej and Chatterjee, Rajen and Federmann, Christian and Graham, Yvette and Haddow, Barry and Huck, Matthias and Yepes, Antonio Jimeno and Koehn, Philipp and Logacheva, Varvara and Monz, Christof and others},
  booktitle={Proceedings of the First Conference on Machine Translation: Volume 2, Shared Task Papers},
  pages={131--198},
  year={2016}
}
@article{wu2016google,
  title={Google's neural machine translation system: Bridging the gap between human and machine translation},
  author={Wu, Yonghui and Schuster, Mike and Chen, Zhifeng and Le, Quoc V and Norouzi, Mohammad and Macherey, Wolfgang and Krikun, Maxim and Cao, Yuan and Gao, Qin and Macherey, Klaus and others},
  journal={arXiv preprint arXiv:1609.08144},
  year={2016}
}
@incollection{wu2016adapting,
  title={Adapting attention-based neural network to low-resource Mongolian-Chinese machine translation},
  author={Wu, Jing and Hou, Hongxu and Shen, Zhipeng and Du, Jian and Li, Jinting},
  booktitle={Natural Language Understanding and Intelligent Applications},
  pages={470--480},
  year={2016},
  publisher={Springer}
}
@misc{crego2016systran,
  title={Systran’s pure neural machine translation systems. CoRR abs/1610.05540},
  author={Crego, Josep Maria and Kim, Jungi and Klein, Guillaume and Rebollo, Anabel and Yang, Kathy and Senellart, Jean and Akhanov, Egor and Brunelle, Patrice and Coquard, Aurelien and Deng, Yongchao and others},
  year={2016}
}
@inproceedings{pouliquen2017wipo,
  title={WIPO Translate: Patent Neural Machine Trans-lation publicly available in 10 languages},
  author={Pouliquen, Bruno},
  booktitle={Proceedings of the Seventh Workshop on Patent and Scientific Literature Translation Nagoya: Japan},
  pages={5--8},
  year={2017}
}
@inproceedings{luong-etal-2015-addressing,
    title = "Addressing the Rare Word Problem in Neural Machine Translation",
    author = "Luong, Thang  and
      Sutskever, Ilya  and
      Le, Quoc  and
      Vinyals, Oriol  and
      Zaremba, Wojciech",
    booktitle = "Proceedings of the 53rd Annual Meeting of the Association for Computational Linguistics and the 7th International Joint Conference on Natural Language Processing (Volume 1: Long Papers)",
    month = jul,
    year = "2015",
    address = "Beijing, China",
    publisher = "Association for Computational Linguistics",
    url = "https://www.aclweb.org/anthology/P15-1002",
    doi = "10.3115/v1/P15-1002",
    pages = "11--19",
}
@inproceedings{luong2015effective,
  title={Effective Approaches to Attention-based Neural Machine Translation},
  author={Luong, Minh-Thang and Pham, Hieu and Manning, Christopher D},
  booktitle={Proceedings of the 2015 Conference on Empirical Methods in Natural Language Processing},
  pages={1412--1421},
  year={2015}
}
@inproceedings{luong2015bilingual,
  title={Bilingual word representations with monolingual quality in mind},
  author={Luong, Minh-Thang and Pham, Hieu and Manning, Christopher D},
  booktitle={Proceedings of the 1st Workshop on Vector Space Modeling for Natural Language Processing},
  pages={151--159},
  year={2015}
}
@article{mikolov2013exploiting,
  title={Exploiting similarities among languages for machine translation},
  author={Mikolov, Tomas and Le, Quoc V and Sutskever, Ilya},
  journal={arXiv preprint arXiv:1309.4168},
  year={2013}
}
@inproceedings{cohn-etal-2016-incorporating,
    title = "Incorporating Structural Alignment Biases into an Attentional Neural Translation Model",
    author = "Cohn, Trevor  and
      Hoang, Cong Duy Vu  and
      Vymolova, Ekaterina  and
      Yao, Kaisheng  and
      Dyer, Chris  and
      Haffari, Gholamreza",
    booktitle = "Proceedings of the 2016 Conference of the North {A}merican Chapter of the Association for Computational Linguistics: Human Language Technologies",
    month = jun,
    year = "2016",
    address = "San Diego, California",
    publisher = "Association for Computational Linguistics",
    url = "https://www.aclweb.org/anthology/N16-1102",
    doi = "10.18653/v1/N16-1102",
    pages = "876--885",
}
@InProceedings{FENG18.3,
  author = {Tao Feng ,Miao Li and Lei Chen},
  title = {Low-Resource Neural Machine Translation with Transfer Learning},
  booktitle = {Proceedings of the Eleventh International Conference on Language Resources and Evaluation (LREC 2018)},
  year = {2018},
  month = {may},
  date = {7-12},
  location = {Miyazaki, Japan},
  editor = {Jinhua Du and Mihael Arcan and Qun Liu and Hitoshi Isahara},
  publisher = {European Language Resources Association (ELRA)},
  address = {Paris, France},
  isbn = {979-10-95546-15-3},
  language = {english}
  }
  @inproceedings{tu2016modeling,
  title={Modeling Coverage for Neural Machine Translation},
  author={Tu, Zhaopeng and Lu, Zhengdong and Liu, Yang and Liu, Xiaohua and Li, Hang},
  booktitle={Proceedings of the 54th Annual Meeting of the Association for Computational Linguistics (Volume 1: Long Papers)},
  pages={76--85},
  year={2016}
}
@inproceedings{mi2016coverage,
  title={Coverage Embedding Models for Neural Machine Translation},
  author={Mi, Haitao and Sankaran, Baskaran and Wang, Zhiguo and Ittycheriah, Abe},
  booktitle={Proceedings of the 2016 Conference on Empirical Methods in Natural Language Processing},
  pages={955--960},
  year={2016}
}
@inproceedings{mi2016supervised,
  title={Supervised Attentions for Neural Machine Translation},
  author={Mi, Haitao and Wang, Zhiguo and Ittycheriah, Abe},
  booktitle={Proceedings of the 2016 Conference on Empirical Methods in Natural Language Processing},
  pages={2283--2288},
  year={2016}
}
@inproceedings{mi2016vocabulary,
  title={Vocabulary Manipulation for Neural Machine Translation},
  author={Mi, Haitao and Wang, Zhiguo and Ittycheriah, Abe},
  booktitle={Proceedings of the 54th Annual Meeting of the Association for Computational Linguistics (Volume 2: Short Papers)},
  pages={124--129},
  year={2016}
}
@inproceedings{shen2016minimum,
  title={Minimum Risk Training for Neural Machine Translation},
  author={Shen, Shiqi and Cheng, Yong and He, Zhongjun and He, Wei and Wu, Hua and Sun, Maosong and Liu, Yang},
  booktitle={Proceedings of the 54th Annual Meeting of the Association for Computational Linguistics (Volume 1: Long Papers)},
  pages={1683--1692},
  year={2016}
}
@inproceedings{li2016towards,
  title={Towards zero unknown word in neural machine translation},
  author={Li, Xiaoqing and Zhang, Jiajun and Zong, Chengqing},
  booktitle={Proceedings of the Twenty-Fifth International Joint Conference on Artificial Intelligence},
  pages={2852--2858},
  year={2016}
}
@inproceedings{jean2015using,
  title={On Using Very Large Target Vocabulary for Neural Machine Translation},
  author={Jean, S{\'e}bastien and Cho, Kyunghyun and Memisevic, Roland and Bengio, Yoshua},
  booktitle={Proceedings of the 53rd Annual Meeting of the Association for Computational Linguistics and the 7th International Joint Conference on Natural Language Processing (Volume 1: Long Papers)},
  pages={1--10},
  year={2015}
}
@inproceedings{ueffing2006using,
  title={Using monolingual source-language data to improve MT performance},
  author={Ueffing, Nicola},
  booktitle={International Workshop on Spoken Language Translation (IWSLT) 2006},
  year={2006}
}
@inproceedings{wu2008domain,
  title={Domain adaptation for statistical machine translation with domain dictionary and monolingual corpora},
  author={Wu, Hua and Wang, Haifeng and Zong, Chengqing},
  booktitle={Proceedings of the 22nd International Conference on Computational Linguistics (Coling 2008)},
  pages={993--1000},
  year={2008}
}
@inproceedings{vaswani2017attention,
  title={Attention is all you need},
  author={Vaswani, Ashish and Shazeer, Noam and Parmar, Niki and Uszkoreit, Jakob and Jones, Llion and Gomez, Aidan N and Kaiser, {\L}ukasz and Polosukhin, Illia},
  booktitle={Advances in neural information processing systems},
  pages={5998--6008},
  year={2017}
}
@techreport{koehn2003statistical,
  title={Statistical phrase-based translation},
  author={Koehn, Philipp and Och, Franz J and Marcu, Daniel},
  year={2003},
  institution={UNIVERSITY OF SOUTHERN CALIFORNIA MARINA DEL REY INFORMATION SCIENCES INST}
}

@article{gage1994new,
  title={A new algorithm for data compression},
  author={Gage, Philip},
  journal={C Users Journal},
  volume={12},
  number={2},
  pages={23--38},
  year={1994},
  publisher={McPherson, KS: R \& D Publications, c1987-1994.}
}
@inproceedings{hoang2018iterative,
  title={Iterative back-translation for neural machine translation},
  author={Hoang, Vu Cong Duy and Koehn, Philipp and Haffari, Gholamreza and Cohn, Trevor},
  booktitle={Proceedings of the 2nd Workshop on Neural Machine Translation and Generation},
  pages={18--24},
  year={2018}
}
@article{yu2020efficient,
  title={Efficient Low-Resource Neural Machine Translation with Reread and Feedback Mechanism},
  author={Yu, Zhiqiang and Yu, Zhengtao and Guo, Junjun and Huang, Yuxin and Wen, Yonghua},
  journal={ACM Transactions on Asian and Low-Resource Language Information Processing (TALLIP)},
  volume={19},
  number={3},
  pages={1--13},
  year={2020},
  publisher={ACM New York, NY, USA}
}
@article{zhu2019novel,
  title={A Novel Deep Learning Method for Obtaining Bilingual Corpus from Multilingual Website},
  author={Zhu, ShaoLin and Li, Xiao and Yang, YaTing and Wang, Lei and Mi, ChengGang},
  journal={Mathematical Problems in Engineering},
  volume={2019},
  year={2019},
  publisher={Hindawi}
}
@inproceedings{przystupa2019neural,
  title={Neural Machine Translation of Low-Resource and Similar Languages with Backtranslation},
  author={Przystupa, Michael and Abdul-Mageed, Muhammad},
  booktitle={Proceedings of the Fourth Conference on Machine Translation (Volume 3: Shared Task Papers, Day 2)},
  pages={224--235},
  year={2019}
}
@article{burlot2019using,
  title={Using monolingual data in neural machine translation: a systematic study},
  author={Burlot, Franck and Yvon, Fran{\c{c}}ois},
  journal={arXiv preprint arXiv:1903.11437},
  year={2019}
}
@article{jin2020unsupervised,
  title={Unsupervised Domain Adaptation for Neural Machine Translation with Iterative Back Translation},
  author={Jin, Di and Jin, Zhijing and Zhou, Joey Tianyi and Szolovits, Peter},
  journal={arXiv preprint arXiv:2001.08140},
  year={2020}
}
@inproceedings{jin2019imat,
  title={IMaT: Unsupervised Text Attribute Transfer via Iterative Matching and Translation},
  author={Jin, Zhijing and Jin, Di and Mueller, Jonas and Matthews, Nicholas and Santus, Enrico},
  booktitle={Proceedings of the 2019 Conference on Empirical Methods in Natural Language Processing and the 9th International Joint Conference on Natural Language Processing (EMNLP-IJCNLP)},
  pages={3088--3100},
  year={2019}
}
@article{ding2018source,
  title={How Do Source-side Monolingual Word Embeddings Impact Neural Machine Translation?},
  author={Ding, Shuoyang and Duh, Kevin},
  journal={arXiv preprint arXiv:1806.01515},
  year={2018}
}
@article{dou2019unsupervised,
  title={Unsupervised Domain Adaptation for Neural Machine Translation with Domain-Aware Feature Embeddings},
  author={Dou, Zi-Yi and Hu, Junjie and Anastasopoulos, Antonios and Neubig, Graham},
  journal={arXiv preprint arXiv:1908.10430},
  year={2019}
}
@article{gulcehre2015using,
  title={On using monolingual corpora in neural machine translation},
  author={Gulcehre, Caglar and Firat, Orhan and Xu, Kelvin and Cho, Kyunghyun and Barrault, Loic and Lin, Huei-Chi and Bougares, Fethi and Schwenk, Holger and Bengio, Yoshua},
  journal={arXiv preprint arXiv:1503.03535},
  year={2015}
}
@article{baziotis2020language,
  title={Language Model Prior for Low-Resource Neural Machine Translation},
  author={Baziotis, Christos and Haddow, Barry and Birch, Alexandra},
  journal={arXiv preprint arXiv:2004.14928},
  year={2020}
}
@article{gulcehre2017integrating,
  title={On integrating a language model into neural machine translation},
  author={Gulcehre, Caglar and Firat, Orhan and Xu, Kelvin and Cho, Kyunghyun and Bengio, Yoshua},
  journal={Computer Speech \& Language},
  volume={45},
  pages={137--148},
  year={2017},
  publisher={Elsevier}
}
@article{pan2020exploiting,
  title={Exploiting Linguistic Knowledge for Low-Resource Neural Machine Translation},
  author={Pan, Yirong and Li, Xiao and Yang, Yating and Dong, Rui},
  journal={Preprints},
  year={2020},
  publisher={MDPI AG}
}
@article{chen2019facebook,
  title={Facebook AI’s WAT19 Myanmar-English Translation Task Submission},
  author={Chen, Peng-Jen and Shen, Jiajun and Le, Matt and Chaudhary, Vishrav and El-Kishky, Ahmed and Wenzek, Guillaume and Ott, Myle and Ranzato, Marc’Aurelio},
  journal={WAT 2019},
  pages={112},
  year={2019}
}

@inproceedings{guzman2019flores,
  title={The FLORES Evaluation Datasets for Low-Resource Machine Translation: Nepali--English and Sinhala--English},
  author={Guzm{\'a}n, Francisco and Chen, Peng-Jen and Ott, Myle and Pino, Juan and Lample, Guillaume and Koehn, Philipp and Chaudhary, Vishrav and Ranzato, Marc’Aurelio},
  booktitle={Proceedings of the 2019 Conference on Empirical Methods in Natural Language Processing and the 9th International Joint Conference on Natural Language Processing (EMNLP-IJCNLP)},
  pages={6100--6113},
  year={2019}
}

@article{xu2019improving,
  title={Improving Neural Machine Translation by Filtering Synthetic Parallel Data},
  author={Xu, Guanghao and Ko, Youngjoong and Seo, Jungyun},
  journal={Entropy},
  volume={21},
  number={12},
  pages={1213},
  year={2019},
  publisher={Multidisciplinary Digital Publishing Institute}
}
@inproceedings{cho2014learning,
  title={Learning Phrase Representations using RNN Encoder--Decoder for Statistical Machine Translation},
  author={Cho, Kyunghyun and van Merri{\"e}nboer, Bart and Gulcehre, Caglar and Bahdanau, Dzmitry and Bougares, Fethi and Schwenk, Holger and Bengio, Yoshua},
  booktitle={Proceedings of the 2014 Conference on Empirical Methods in Natural Language Processing (EMNLP)},
  pages={1724--1734},
  year={2014}
}
@article{liu2020layer,
  title={Layer-Wise Cross-View Decoding for Sequence-to-Sequence Learning},
  author={Liu, Fenglin and Ren, Xuancheng and Zhao, Guangxiang and Sun, Xu},
  journal={arXiv preprint arXiv:2005.08081},
  year={2020}
}
@inproceedings{van2017dynamic,
  title={Dynamic Data Selection for Neural Machine Translation},
  author={van der Wees, Marlies and Bisazza, Arianna and Monz, Christof},
  booktitle={Proceedings of the 2017 Conference on Empirical Methods in Natural Language Processing},
  pages={1400--1410},
  year={2017}
}
@inproceedings{junczys2016log,
  title={Log-linear Combinations of Monolingual and Bilingual Neural Machine Translation Models for Automatic Post-Editing},
  author={Junczys-Dowmunt, Marcin and Grundkiewicz, Roman},
  booktitle={Proceedings of the First Conference on Machine Translation: Volume 2, Shared Task Papers},
  pages={751--758},
  year={2016}
}
@inproceedings{chen2016bilingual,
  title={Bilingual methods for adaptive training data selection for machine translation},
  author={Chen, Boxing and Kuhn, Roland and Foster, George and Cherry, Colin and Huang, Fei},
  booktitle={Proc. of AMTA},
  pages={93--103},
  year={2016}
}
@inproceedings{silva2018extracting,
  title={Extracting in-domain training corpora for neural machine translation using data selection methods},
  author={Silva, Catarina Cruz and Liu, Chao-Hong and Poncelas, Alberto and Way, Andy},
  booktitle={Proceedings of the Third Conference on Machine Translation: Research Papers},
  pages={224--231},
  year={2018}
}
@inproceedings{duh2020benchmarking,
  title={Benchmarking Neural and Statistical Machine Translation on Low-Resource African Languages},
  author={Duh, Kevin and McNamee, Paul and Post, Matt and Thompson, Brian},
  booktitle={Proceedings of The 12th Language Resources and Evaluation Conference},
  pages={2667--2675},
  year={2020}
}
@article{he2019revisiting,
  title={Revisiting self-training for neural sequence generation},
  author={He, Junxian and Gu, Jiatao and Shen, Jiajun and Ranzato, Marc'Aurelio},
  journal={arXiv preprint arXiv:1909.13788},
  year={2019}
}
@inproceedings{wang2019improving,
  title={Improving Back-Translation with Uncertainty-based Confidence Estimation},
  author={Wang, Shuo and Liu, Yang and Wang, Chao and Luan, Huanbo and Sun, Maosong},
  booktitle={Proceedings of the 2019 Conference on Empirical Methods in Natural Language Processing and the 9th International Joint Conference on Natural Language Processing (EMNLP-IJCNLP)},
  pages={791--802},
  year={2019}
}
@article{shen2019source,
  title={The Source-Target Domain Mismatch Problem in Machine Translation},
  author={Shen, Jiajun and Chen, Peng-Jen and Le, Matt and He, Junxian and Gu, Jiatao and Ott, Myle and Auli, Michael and Ranzato, Marc'Aurelio},
  journal={arXiv preprint arXiv:1909.13151},
  year={2019}
}
@inproceedings{imamura2018nict,
  title={NICT self-training approach to neural machine translation at NMT-2018},
  author={Imamura, Kenji and Sumita, Eiichiro},
  booktitle={Proceedings of the 2nd Workshop on Neural Machine Translation and Generation},
  pages={110--115},
  year={2018}
}
@inproceedings{imamura2018multilingual,
  title={Multilingual parallel corpus for global communication plan},
  author={Imamura, Kenji and Sumita, Eiichiro},
  booktitle={Proceedings of the Eleventh International Conference on Language Resources and Evaluation (LREC 2018)},
  year={2018}
}
@article{sun2020self,
  title={Self-Training for Unsupervised Neural Machine Translation in Unbalanced Training Data Scenarios},
  author={Sun, Haipeng and Wang, Rui and Chen, Kehai and Utiyama, Masao and Sumita, Eiichiro and Zhao, Tiejun},
  journal={arXiv preprint arXiv:2004.04507},
  year={2020}
}
@article{abdulmumin2020using,
  title={Using Self-Training to Improve Back-Translation in Low Resource Neural Machine Translation},
  author={Abdulmumin, Idris and Galadanci, Bashir Shehu and Isa, Abubakar},
  journal={arXiv preprint arXiv:2006.02876},
  year={2020}
}
@article{sun2020unsupervised,
  title={Unsupervised neural machine translation with cross-lingual language representation agreement},
  author={Sun, Haipeng and Wang, Rui and Chen, Kehai and Utiyama, Masao and Sumita, Eiichiro and Zhao, Tiejun},
  journal={IEEE/ACM Transactions on Audio, Speech, and Language Processing},
  volume={28},
  pages={1170--1182},
  year={2020},
  publisher={IEEE}
}
@inproceedings{artetxe2019effective,
  title={An Effective Approach to Unsupervised Machine Translation},
  author={Artetxe, Mikel and Labaka, Gorka and Agirre, Eneko},
  booktitle={Proceedings of the 57th Annual Meeting of the Association for Computational Linguistics},
  pages={194--203},
  year={2019}
}
@article{du2017pre,
  title={Pre-reordering for neural machine translation: helpful or harmful?},
  author={Du, Jinhua and Way, Andy},
  journal={The Prague Bulletin of Mathematical Linguistics},
  volume={108},
  number={1},
  pages={171--182},
  year={2017},
  publisher={Sciendo}
}
@article{isabelle2017challenge,
  title={A challenge set approach to evaluating machine translation},
  author={Isabelle, Pierre and Cherry, Colin and Foster, George},
  journal={arXiv preprint arXiv:1704.07431},
  year={2017}
}
@inproceedings{koehn2017six,
  title={Six Challenges for Neural Machine Translation},
  author={Koehn, Philipp and Knowles, Rebecca},
  booktitle={Proceedings of the First Workshop on Neural Machine Translation},
  pages={28--39},
  year={2017}
}
@inproceedings{duh2013adaptation,
  title={Adaptation data selection using neural language models: Experiments in machine translation},
  author={Duh, Kevin and Neubig, Graham and Sudoh, Katsuhito and Tsukada, Hajime},
  booktitle={Proceedings of the 51st Annual Meeting of the Association for Computational Linguistics (Volume 2: Short Papers)},
  pages={678--683},
  year={2013}
}
@inproceedings{sennrich2013multi,
  title={A Multi-Domain Translation Model Framework for Statistical Machine Translation},
  author={Sennrich, Rico and Schwenk, Holger and Aransa, Walid},
  booktitle={Proceedings of the 51st Annual Meeting of the Association for Computational Linguistics (Volume 1: Long Papers)},
  pages={832--840},
  year={2013}
}
@inproceedings{bentivogli2016neural,
  title={Neural versus Phrase-Based Machine Translation Quality: a Case Study},
  author={Bentivogli, Luisa and Bisazza, Arianna and Cettolo, Mauro and Federico, Marcello},
  booktitle={Proceedings of the 2016 Conference on Empirical Methods in Natural Language Processing},
  pages={257--267},
  year={2016}
}
@article{mahata2018smt,
  title={Smt vs nmt: A comparison over hindi \& bengali simple sentences},
  author={Mahata, Sainik Kumar and Mandal, Soumil and Das, Dipankar and Bandyopadhyay, Sivaji},
  journal={arXiv preprint arXiv:1812.04898},
  year={2018}
}
@inproceedings{he2016improved,
  title={Improved neural machine translation with SMT features},
  author={He, Wei and He, Zhongjun and Wu, Hua and Wang, Haifeng},
  booktitle={Thirtieth AAAI conference on artificial intelligence},
  year={2016}
}
@inproceedings{stahlberg2016syntactically,
  title={Syntactically Guided Neural Machine Translation},
  author={Stahlberg, Felix and Hasler, Eva and Waite, Aurelien and Byrne, Bill},
  booktitle={Proceedings of the 54th Annual Meeting of the Association for Computational Linguistics (Volume 2: Short Papers)},
  pages={299--305},
  year={2016}
}
@inproceedings{wang2017neural,
  title={Neural machine translation advised by statistical machine translation},
  author={Wang, Xing and Lu, Zhengdong and Tu, Zhaopeng and Li, Hang and Xiong, Deyi and Zhang, Min},
  booktitle={Thirty-First AAAI Conference on Artificial Intelligence},
  year={2017}
}
@inproceedings{arthur2016incorporating,
  title={Incorporating Discrete Translation Lexicons into Neural Machine Translation},
  author={Arthur, Philip and Neubig, Graham and Nakamura, Satoshi},
  booktitle={Proceedings of the 2016 Conference on Empirical Methods in Natural Language Processing},
  pages={1557--1567},
  year={2016}
}
@inproceedings{dahlmann2017neural,
  title={Neural Machine Translation Leveraging Phrase-based Models in a Hybrid Search},
  author={Dahlmann, Leonard and Matusov, Evgeny and Petrushkov, Pavel and Khadivi, Shahram},
  booktitle={Proceedings of the 2017 Conference on Empirical Methods in Natural Language Processing},
  pages={1411--1420},
  year={2017}
}
@article{abbott2018towards,
  title={Towards neural machine translation for African languages},
  author={Abbott, Jade Z and Martinus, Laura},
  journal={arXiv preprint arXiv:1811.05467},
  year={2018}
}
@article{martinus2019focus,
  title={A Focus on Neural Machine Translation for African Languages},
  author={Martinus, Laura and Abbott, Jade Z},
  journal={arXiv preprint arXiv:1906.05685},
  year={2019}
}
@article{junczys2016neural,
  title={Is neural machine translation ready for deployment},
  author={Junczys-Dowmunt, Marcin and Dwojak, Tomasz and Hoang, Hieu},
  year={2016}
}
@article{yang2020survey,
  title={A Survey of Deep Learning Techniques for Neural Machine Translation},
  author={Yang, Shuoheng and Wang, Yuxin and Chu, Xiaowen},
  journal={arXiv preprint arXiv:2002.07526},
  year={2020}
}
@inproceedings{liu2019survey,
  title={A Survey of Low Resource Neural Machine Translation},
  author={Liu, Ding and Ma, Ning and Yang, Fangtao and Yang, Xuebin},
  booktitle={2019 4th International Conference on Mechanical, Control and Computer Engineering (ICMCCE)},
  pages={39--393},
  year={2019},
  organization={IEEE}
}
@article{gibadullin2019survey,
  title={A Survey of Methods to Leverage Monolingual Data in Low-resource Neural Machine Translation},
  author={Gibadullin, Ilshat and Valeev, Aidar and Khusainova, Albina and Khan, Adil},
  journal={arXiv preprint arXiv:1910.00373},
  year={2019}
}
@article{dabre2019brief,
  title={A Brief Survey of Multilingual Neural Machine Translation},
  author={Dabre, Raj and Chu, Chenhui and Kunchukuttan, Anoop},
  journal={arXiv preprint arXiv:1905.05395},
  year={2019}
}
@article{dabre2020comprehensive,
  title={A Comprehensive Survey of Multilingual Neural Machine Translation},
  author={Dabre, Raj and Chu, Chenhui and Kunchukuttan, Anoop},
  journal={arXiv preprint arXiv:2001.01115},
  year={2020}
}
@article{alshemali2020improving,
  title={Improving the reliability of deep neural networks in NLP: A review},
  author={Alshemali, Basemah and Kalita, Jugal},
  journal={Knowledge-Based Systems},
  volume={191},
  pages={105210},
  year={2020},
  publisher={Elsevier}
}

% Active learning

@inproceedings{zhang2018active,
  title={Active learning for neural machine translation},
  author={Zhang, Pei and Xu, Xueying and Xiong, Deyi},
  booktitle={2018 International Conference on Asian Language Processing (IALP)},
  pages={153--158},
  year={2018},
  organization={IEEE}
}
% Multitasking reference
@article{zaremoodi2020learning,
  title={Learning to Multi-Task Learn for Better Neural Machine Translation},
  author={Zaremoodi, Poorya and Haffari, Gholamreza},
  journal={arXiv preprint arXiv:2001.03294},
  year={2020}
}
@article{srinivasan2019multitask,
  title={Multitask Learning For Different Subword Segmentations In Neural Machine Translation},
  author={Srinivasan, Tejas and Sanabria, Ramon and Metze, Florian},
  journal={arXiv preprint arXiv:1910.12368},
  year={2019}
}
@inproceedings{zaremoodi2018adaptive,
  title={Adaptive knowledge sharing in multi-task learning: Improving low-resource neural machine translation},
  author={Zaremoodi, Poorya and Buntine, Wray and Haffari, Gholamreza},
  booktitle={Proceedings of the 56th Annual Meeting of the Association for Computational Linguistics (Volume 2: Short Papers)},
  pages={656--661},
  year={2018}
}
@inproceedings{zaremoodi2018neural,
  title={Neural Machine Translation for Bilingually Scarce Scenarios: a Deep Multi-Task Learning Approach},
  author={Zaremoodi, Poorya and Haffari, Gholamreza},
  booktitle={Proceedings of the 2018 Conference of the North American Chapter of the Association for Computational Linguistics: Human Language Technologies, Volume 1 (Long Papers)},
  pages={1356--1365},
  year={2018}
}
@article{baniata2018neural,
  title={A Neural Machine Translation Model for Arabic Dialects That Utilizes Multitask Learning (MTL)},
  author={Baniata, Laith H and Park, Seyoung and Park, Seong-Bae},
  journal={Computational intelligence and neuroscience},
  volume={2018},
  year={2018},
  publisher={Hindawi}
}
@article{baniata2018multitask,
  title={A multitask-based neural machine translation model with part-of-speech tags integration for arabic dialects},
  author={Baniata, Laith H and Park, Seyoung and Park, Seong-Bae},
  journal={Applied Sciences},
  volume={8},
  number={12},
  pages={2502},
  year={2018},
  publisher={Multidisciplinary Digital Publishing Institute}
}
@article{niehues2017exploiting,
  title={Exploiting Linguistic Resources for Neural Machine Translation Using Multi-task Learning},
  author={Niehues, Jan and Cho, Eunah},
  journal={WMT 2017},
  pages={80},
  year={2017}
}
@inproceedings{domhan2017using,
  title={Using target-side monolingual data for neural machine translation through multi-task learning},
  author={Domhan, Tobias and Hieber, Felix},
  booktitle={Proceedings of the 2017 Conference on Empirical Methods in Natural Language Processing},
  pages={1500--1505},
  year={2017}
}
@article{luong2015multi,
  title={Multi-task sequence to sequence learning},
  author={Luong, Minh-Thang and Le, Quoc V and Sutskever, Ilya and Vinyals, Oriol and Kaiser, Lukasz},
  journal={arXiv preprint arXiv:1511.06114},
  year={2015}
}
@inproceedings{zhang2016exploiting,
  title={Exploiting source-side monolingual data in neural machine translation},
  author={Zhang, Jiajun and Zong, Chengqing},
  booktitle={Proceedings of the 2016 Conference on Empirical Methods in Natural Language Processing},
  pages={1535--1545},
  year={2016}
}
